<record><leader>00000cas a22000007a 4500</leader><controlfield tag="001">18126963</controlfield><controlfield tag="008">880623d1uuu1925nyuwr ne      0    0eng d</controlfield><datafield ind1=" " ind2=" " tag="010"><subfield code="a">sn 88074517 </subfield></datafield><datafield ind1=" " ind2=" " tag="040"><subfield code="a">NYS</subfield><subfield code="b">eng</subfield><subfield code="c">NYS</subfield><subfield code="d">OCLCQ</subfield></datafield><datafield ind1=" " ind2=" " tag="042"><subfield code="a">msc</subfield></datafield><datafield ind1="0" ind2="4" tag="245"><subfield code="a">The Williamson sentinel.</subfield></datafield><datafield ind1=" " ind2=" " tag="260"><subfield code="a">Williamson, N.Y. :</subfield><subfield code="b">H.N. Burr,</subfield><subfield code="c">-1925.</subfield></datafield><datafield ind1=" " ind2=" " tag="300"><subfield code="a">v.</subfield></datafield><datafield ind1="0" ind2=" " tag="362"><subfield code="a">-v. 47, no. 45 (July 30, 1925).</subfield></datafield><datafield ind1=" " ind2=" " tag="588"><subfield code="a">Description based on: Vol. 17, no. 41 (Dec. 19, 1901).</subfield></datafield><datafield ind1=" " ind2="4" tag="651"><subfield code="a">Williamson (N.Y.)</subfield><subfield code="v">Newspapers.</subfield></datafield><datafield ind1=" " ind2=" " tag="752"><subfield code="a">United States</subfield><subfield code="b">New York</subfield><subfield code="c">Wayne</subfield><subfield code="d">Williamson.</subfield></datafield><datafield ind1="0" ind2="0" tag="785"><subfield code="t">Williamson sun and The Williamson sentinel</subfield><subfield code="w">(DLC)sn 88074529</subfield></datafield></record>